<record><leader>03174cam a2200577 i 4500</leader><controlfield tag="001">6775974</controlfield><controlfield tag="003">OCoLC</controlfield><controlfield tag="005">20141229145838.0</controlfield><controlfield tag="008">140602s2015    paua     b    001 0 eng  </controlfield><datafield ind1=" " ind2=" " tag="010"><subfield code="a">  2014021573</subfield></datafield><datafield ind1="7" ind2=" " tag="016"><subfield code="a">101633758</subfield><subfield code="2">DNLM</subfield></datafield><datafield ind1=" " ind2=" " tag="020"><subfield code="a">9781451192711 (alk. paper)</subfield></datafield><datafield ind1=" " ind2=" " tag="020"><subfield code="a">1451192711 (alk. paper)</subfield></datafield><datafield ind1=" " ind2=" " tag="035"><subfield code="a">ocn881019480</subfield></datafield><datafield ind1=" " ind2=" " tag="040"><subfield code="a">DNLM/DLC</subfield><subfield code="e">rda</subfield><subfield code="b">eng</subfield><subfield code="c">DLC</subfield><subfield code="d">YDX</subfield><subfield code="d">BTCTA</subfield><subfield code="d">NLM</subfield><subfield code="d">YDXCP</subfield><subfield code="d">STH</subfield><subfield code="d">CCY</subfield><subfield code="d">CDX</subfield><subfield code="d">UAB</subfield></datafield><datafield ind1=" " ind2=" " tag="042"><subfield code="a">pcc</subfield></datafield><datafield ind1="0" ind2="0" tag="050"><subfield code="a">RT51</subfield><subfield code="b">.T39 2015</subfield></datafield><datafield ind1="0" ind2="0" tag="060"><subfield code="a">2014 M-487</subfield></datafield><datafield ind1="1" ind2="0" tag="060"><subfield code="a">WY 100</subfield></datafield><datafield ind1="0" ind2="0" tag="082"><subfield code="a">610.73</subfield><subfield code="2">23</subfield></datafield><datafield ind1=" " ind2=" " tag="090"><subfield code="a">RT 41 T398 2015</subfield><subfield code="b">ARDC</subfield></datafield><datafield ind1=" " ind2=" " tag="090"><subfield code="a">610.73 LYN</subfield><subfield code="b">AEVC</subfield></datafield><datafield ind1=" " ind2=" " tag="090"><subfield code="a">RT 41 T398 2015</subfield><subfield code="b">AEU</subfield></datafield><datafield ind1=" " ind2=" " tag="090"><subfield code="a">RT41 .T398 2015</subfield><subfield code="b">AEGMCT</subfield></datafield><datafield ind1="1" ind2=" " tag="100"><subfield code="a">Lynn, Pamela</subfield><subfield code="q">(Pamela Barbara),</subfield><subfield code="d">1961-</subfield><subfield code="e">author.</subfield></datafield><datafield ind1="1" ind2="0" tag="245"><subfield code="a">Taylor's clinical nursing skills :</subfield><subfield code="b">a nursing process approach /</subfield><subfield code="c">Pamela Lynn, MSN, RN (Instructor, Gwynedd Mercy University, Frances M. Maguire School of Nursing and Health Professions, Gwynedd Valley, Pennsylvania).</subfield></datafield><datafield ind1="1" ind2=" " tag="246"><subfield code="a">Clinical nursing skills</subfield></datafield><datafield ind1=" " ind2=" " tag="250"><subfield code="a">Fourth edition.</subfield></datafield><datafield ind1=" " ind2="1" tag="264"><subfield code="a">Philadelphia :</subfield><subfield code="b">Wolters Kluwer,</subfield><subfield code="c">[2015]</subfield></datafield><datafield ind1=" " ind2=" " tag="300"><subfield code="a">xx, 1116 pages :</subfield><subfield code="b">color illustrations ;</subfield><subfield code="c">28 cm.</subfield></datafield><datafield ind1=" " ind2=" " tag="336"><subfield code="a">text</subfield><subfield code="2">rdacontent</subfield></datafield><datafield ind1=" " ind2=" " tag="337"><subfield code="a">unmediated</subfield><subfield code="2">rdamedia</subfield></datafield><datafield ind1=" " ind2=" " tag="338"><subfield code="a">volume</subfield><subfield code="2">rdacarrier</subfield></datafield><datafield ind1=" " ind2=" " tag="500"><subfield code="a">Rev. ed. of: Taylor's clinical nursing skills / [edited by] Pamela Evans-Smith. c2005.</subfield></datafield><datafield ind1=" " ind2=" " tag="504"><subfield code="a">Includes bibliographical references and index.</subfield></datafield><datafield ind1="0" ind2=" " tag="505"><subfield code="a">Asepsis and infection control -- Vital signs -- Health assessment -- Safety -- Medication administration -- Perioperative nursing -- Hygiene -- Skin integrity and wound care -- Activity -- Comfort and pain management -- Nutrition -- Urinary elimination -- Bowel elimination -- Oxygenation -- Fluid, electrolyte, and acid-base balance -- Cardiovascular care -- Neurologic care -- Laboratory specimen collection.</subfield></datafield><datafield ind1=" " ind2=" " tag="596"><subfield code="a">3 29 35 42</subfield></datafield><datafield ind1=" " ind2="0" tag="650"><subfield code="a">Nursing.</subfield></datafield><datafield ind1="1" ind2="2" tag="650"><subfield code="a">Nursing Process.</subfield></datafield><datafield ind1="2" ind2="2" tag="650"><subfield code="a">Nursing Care</subfield><subfield code="x">methods.</subfield></datafield><datafield ind1=" " ind2=" " tag="949"><subfield code="a">RT 41 T398 2015</subfield><subfield code="c">1</subfield><subfield code="h">UAHL-B</subfield><subfield code="i">0162035217726</subfield></datafield><datafield ind1=" " ind2=" " tag="999"><subfield code="h">GMCT-OS-B</subfield></datafield><datafield ind1=" " ind2=" " tag="947"><subfield code="b">PNU</subfield><subfield code="f">QGM</subfield><subfield code="h">GMCT-OS-B</subfield><subfield code="p">143.26</subfield><subfield code="q">1</subfield><subfield code="z">9781451192711</subfield></datafield><datafield ind1=" " ind2=" " tag="926"><subfield code="a">RT 41 T398 2015</subfield><subfield code="w">LC</subfield><subfield code="c">1</subfield><subfield code="i">0162035217726</subfield><subfield code="d">4/5/2017</subfield><subfield code="e">2/3/2017</subfield><subfield code="k">HOLDS</subfield><subfield code="l">ON_SHELF</subfield><subfield code="m">UAHLTHSC</subfield><subfield code="n">15</subfield><subfield code="p">$150.00</subfield><subfield code="r">Y</subfield><subfield code="s">Y</subfield><subfield code="t">BOOK</subfield><subfield code="u">1/14/2015</subfield></datafield><datafield ind1=" " ind2=" " tag="926"><subfield code="a">RT41 .T398 2015</subfield><subfield code="w">LC</subfield><subfield code="c">1</subfield><subfield code="i">1007763962</subfield><subfield code="d">4/8/2017</subfield><subfield code="e">4/8/2017</subfield><subfield code="k">CHECKEDOUT</subfield><subfield code="l">ON_SHELF</subfield><subfield code="m">GR_MACEWAN</subfield><subfield code="n">9</subfield><subfield code="p">$138.37</subfield><subfield code="q">2</subfield><subfield code="r">M</subfield><subfield code="s">Y</subfield><subfield code="t">BOOK</subfield><subfield code="u">5/28/2015</subfield></datafield><datafield ind1=" " ind2=" " tag="926"><subfield code="a">610.73 LYN</subfield><subfield code="w">DEWEY</subfield><subfield code="c">1</subfield><subfield code="i">33862001397532</subfield><subfield code="d">4/8/2017</subfield><subfield code="e">4/8/2017</subfield><subfield code="k">RESERVES</subfield><subfield code="l">ON_SHELF</subfield><subfield code="m">NORQ_MAIN</subfield><subfield code="n">44</subfield><subfield code="p">$121.98</subfield><subfield code="r">Y</subfield><subfield code="s">Y</subfield><subfield code="t">BOOK</subfield><subfield code="u">8/12/2016</subfield></datafield><datafield ind1=" " ind2=" " tag="926"><subfield code="a">610.73 LYN</subfield><subfield code="w">DEWEY</subfield><subfield code="c">2</subfield><subfield code="i">33862001398050</subfield><subfield code="d">4/5/2017</subfield><subfield code="e">4/5/2017</subfield><subfield code="k">RESERVES</subfield><subfield code="l">ON_SHELF</subfield><subfield code="m">NORQ_MAIN</subfield><subfield code="n">37</subfield><subfield code="p">$168.00</subfield><subfield code="r">Y</subfield><subfield code="s">Y</subfield><subfield code="t">BOOK</subfield><subfield code="u">8/23/2016</subfield></datafield><datafield ind1=" " ind2=" " tag="926"><subfield code="a">RT 41 T398 2015</subfield><subfield code="w">LC</subfield><subfield code="c">1</subfield><subfield code="i">30125302529697</subfield><subfield code="d">3/19/2017</subfield><subfield code="e">3/19/2017</subfield><subfield code="l">RESERVES</subfield><subfield code="m">RED_DEER_C</subfield><subfield code="n">5</subfield><subfield code="r">Y</subfield><subfield code="s">Y</subfield><subfield code="t">BOOK</subfield><subfield code="u">9/8/2016</subfield><subfield code="o">.STAFF.</subfield></datafield><datafield ind1=" " ind2=" " tag="926"><subfield code="a">RT 41 T398 2015</subfield><subfield code="w">LC</subfield><subfield code="c">1</subfield><subfield code="i">30125302529747</subfield><subfield code="l">RESERVES</subfield><subfield code="m">RED_DEER_C</subfield><subfield code="r">Y</subfield><subfield code="s">Y</subfield><subfield code="t">LOCAL_LOAN</subfield><subfield code="u">9/21/2016</subfield></datafield><datafield ind1=" " ind2=" " tag="926"><subfield code="a">RT 41 T398 2015</subfield><subfield code="w">LC</subfield><subfield code="c">2</subfield><subfield code="i">30125302529739</subfield><subfield code="d">2/13/2017</subfield><subfield code="e">1/15/2017</subfield><subfield code="l">RESERVES</subfield><subfield code="m">RED_DEER_C</subfield><subfield code="n">1</subfield><subfield code="r">Y</subfield><subfield code="s">Y</subfield><subfield code="t">LOCAL_LOAN</subfield><subfield code="u">9/21/2016</subfield></datafield><datafield ind1=" " ind2=" " tag="926"><subfield code="a">RT 41 T398 2015</subfield><subfield code="w">LC</subfield><subfield code="c">3</subfield><subfield code="i">30125302529721</subfield><subfield code="l">RESERVES</subfield><subfield code="m">RED_DEER_C</subfield><subfield code="r">Y</subfield><subfield code="s">Y</subfield><subfield code="t">LOCAL_LOAN</subfield><subfield code="u">9/21/2016</subfield></datafield></record>